
%slovnik
@manual{Slovnik,
    title = "Slovníkový portál Jazykovedného ústavu Ľ. Štúra SAV",
    author = "Jazykovedný ústav Ľ. Štúra",
    note = "\url{https://slovnik.juls.savba.sk/?w=technológia&s=exact&c=T7ee&cs=&d=kssj4&d=psp&d=sssj&d=orter&d=scs&d=sss&d=peciar&d=hssjV&d=bernolak&d=noundb&d=orient&d=locutio&d=obce&d=priezviska&d=un&d=pskcs&d=psken#}",
    year = "2005 (accessed November 5, 2020)"
}

%Cognitive Development in Digital Contexts
@incollection{FIETZER2017167,
title = "Chapter 8 - The Impact of Digital Media on Executive Planning and Performance in Children, Adolescents, and Emerging Adults",
editor = "Fran C. Blumberg and Patricia J. Brooks",
booktitle = "Cognitive Development in Digital Contexts",
publisher = "Academic Press",
address = "San Diego",
pages = "167 - 180",
year = "2017",
isbn = "978-0-12-809481-5",
doi = "https://doi.org/10.1016/B978-0-12-809481-5.00008-0",
url = "http://www.sciencedirect.com/science/article/pii/B9780128094815000080",
author = "Alexander W. Fietzer and Stephanie Chin",
keywords = "Executive functioning, Digital media, Children, Adolescents, Neuropsychological testing",
}

